@inproceedings{IndianaUniversity,
    author    = {Ferrara, Varol, Davis, Menczer, Flammini},
    title     = {The Rise of Social Bots},
    year      = {2015},
}

 @misc{ wiki:123,
   author = "Wikipedia",
   title = "{W}ikipedia{,} The Free Encyclopedia",
   year = "2015",
   url = "http://en.wikipedia.org",
   note = "[Online; accessed 10-November-2015]"
 }
